@misc{web:autoproof,
title = {AutoProof official website},
note = {http://se.inf.ethz.ch/research/autoproof/}
} 

@misc{web:boogie,
title = {Boogie Web Interface},
note = {http://rise4fun.com/Boogie}
}

@misc{web:boogie:bubblesort,
title = {Boogie Bubblesort Example},
note = {http://rise4fun.com/Boogie/Bubble}
}

@misc{paper:boogie,
    author = {K. Rustan, M. Leino},
    title = {This is Boogie 2},
    year = {2008},
	note = {http://research.microsoft.com/en-us/um/people/leino/papers/krml178.pdf}
}

@misc{web:bucketsort,
title = {Bucketsort},
note = {http://en.wikipedia.org/wiki/bucketsort}
}

@misc{web:quicksort,
title = {Quicksort},
note = {http://en.wikipedia.org/wiki/quicksort}
}